@article{Koopman1931,
% 	%doi = {10.1073/pnas.17.5.315},
% 	%URL = {https://%doi.org/10.1073%2Fpnas.17.5.315},
	year = 1931,
	month = {5},
	publisher = {Proceedings of the National Academy of Sciences},
	volume = {17},
	number = {5},
	pages = {315--318},
	author = {B. O. Koopman},
	title = {Hamiltonian Systems and Transformation in Hilbert Space},
	journal = {Proceedings of the National Academy of Sciences}
}
@misc{kaiser2020datadriven,
      title={Data-driven discovery of Koopman eigenfunctions for control}, 
      author={Eurika Kaiser and J. Nathan Kutz and Steven L. Brunton},
      year={2020},
    %   eprint={1707.01146},
    %   archivePrefix={arXiv},
    %   primaryClass={math.OC}
}
@article {SINDy,
	author = {Brunton, Steven L. and Proctor, Joshua L. and Kutz, J. Nathan},
	title = {Discovering governing equations from data by sparse identification of nonlinear dynamical systems},
	volume = {113},
	number = {15},
	pages = {3932--3937},
	year = {2016},
% 	%doi = {10.1073/pnas.1517384113},
% 	publisher = {National Academy of Sciences},
% 	%issn = {0027-8424},
% 	%URL = {https://www.pnas.org/content/113/15/3932},
% 	eprint = {https://www.pnas.org/content/113/15/3932.full.pdf},
	journal = {Proceedings of the National Academy of Sciences}
}

@book{brunton_kutz_2019,
place={Cambridge},
title={Data-Driven Science and Engineering: Machine Learning, Dynamical Systems, and Control},
%doi={10.1017/9781108380690},
publisher={Cambridge University Press},
author={Brunton, Steven L. and Kutz, J. Nathan},
year={2019}}

@article{qLMPC,
author = {Cisneros, Pablo and Werner, Herbert},
year = {2019},
month = {01},
pages = {164-169},
title = {Wide Range Stabilization of a Pendubot using quasi-LPV Predictive Control},
volume = {52},
journal = {IFAC-PapersOnLine},
% %doi = {10.1016/j.ifacol.2019.12.367}
}

@article{Cazzolato,
author = {Cazzolato, Ben and Prime, Zebb},
year = {2011},
month = {03},
pages = {},
title = {On the Dynamics of the Furuta Pendulum},
volume = {8},
journal = {Hindawi Publishing Corporation Journal of Control Science and Engineering},
%%doi = {10.1155/2011/528341}
}
@article{Kajiwara,
  title={LPV techniques for control of an inverted pendulum},
  author={H. Kajiwara and P. Apkarian and P. Gahinet},
  journal={IEEE Control Systems},
  year={1999},
  volume={19},
  pages={44-54}
}
@article{Douglas,
author = {Leith, Douglas and Leithead, W.E.},
year = {2000},
month = {01},
pages = {1001-1025},
title = {Survey of gain-scheduling analysis and design},
volume = {73},
journal = {Int. J. Control},
%doi = {10.1080/002071700411304}
}

@article{Fantoni,
  author={I. {Fantoni} and R. {Lozano} and M. W. {Spong}},
  journal={IEEE Transactions on Automatic Control}, 
  title={Energy based control of the Pendubot}, 
  year={2000},
  volume={45},
  number={4},
  pages={725-729},}

@article{spectral_NL,
author = {Mezić, Igor},
year = {2005},
month = {08},
pages = {309-325},
title = {Spectral Properties of Dynamical Systems, Model Reduction and Decompositions},
volume = {41},
journal = {Nonlinear Dynamics},
%doi = {10.1007/s11071-005-2824-x}
}

@INPROCEEDINGS{SI_Mezic,
  author={I. {Mezić}},
  booktitle={2015 54th IEEE Conference on Decision and Control (CDC)}, 
  title={On applications of the spectral theory of the Koopman operator in dynamical systems and control theory}, 
  year={2015},
  volume={},
  number={},
  pages={7034-7041},
  %doi={10.1109/CDC.2015.7403328}
  }
  
  @misc{proctor2016generalizing,
      title={Generalizing Koopman Theory to allow for inputs and control}, 
      author={Joshua L. Proctor and Steven L. Brunton and J. Nathan Kutz},
      year={2016}
    %   eprint={1602.07647},
    %   archivePrefix={arXiv},
    %   primaryClass={math.OC}
}

@article{WILLIAMS2016704,
title = "Extending Data-Driven Koopman Analysis to Actuated Systems",
journal = "IFAC-PapersOnLine",
volume = "49",
number = "18",
pages = "704 - 709",
year = "2016",
%note = "10th IFAC Symposium on Nonlinear Control Systems NOLCOS 2016",
%issn = "2405-8963",
%doi = "https://%doi.org/10.1016/j.ifacol.2016.10.248",
%URL = "http://www.sciencedirect.com/science/article/pii/S2405896316318286",
author = "Matthew O. Williams and Maziar S. Hemati and Scott T.M. Dawson and Ioannis G. Kevrekidis and Clarence W. Rowley"
}

@misc{mauroy2016linear,
      title={Linear identification of nonlinear systems: A lifting technique based on the Koopman operator}, 
      author={Alexandre Mauroy and Jorge Goncalves},
      year={2016},
    %   eprint={1605.04457},
    %   archivePrefix={arXiv},
    %   primaryClass={cs.SY}
}

@inproceedings{Amit_Surana,
author = {Surana, Amit},
year = {2016},
month = {12},
pages = {6492-6499},
title = {Koopman operator based observer synthesis for control-affine nonlinear systems},
%doi = {10.1109/CDC.2016.7799268}
}

@article{MPC_Korda,
title = "Linear predictors for nonlinear dynamical systems: Koopman operator meets model predictive control",
journal = "Automatica",
volume = "93",
pages = "149 - 160",
year = "2018",
%issn = "0005-1098",
%doi = "https://%doi.org/10.1016/j.automatica.2018.03.046",
%URL = "http://www.sciencedirect.com/science/article/pii/S000510981830133X",
author = "Milan Korda and Igor Mezić"
}

@article{Abraham,
author = {Abraham, Ian and Torre, Gerardo and Murphey, Todd},
year = {2017},
month = {09},
pages = {},
title = {Model-Based Control Using Koopman Operators},
%doi = {10.15607/RSS.2017.XIII.052}
}
@book{DMD_book,
author = {Kutz, J. Nathan and Brunton, Steven L. and Brunton, Bingni W. and Proctor, Joshua L.},
title = {Dynamic Mode Decomposition},
publisher = {Society for Industrial and Applied Mathematics},
year = {2016},
%doi = {10.1137/1.9781611974508},
%address = {Philadelphia, PA},
%edition   = {},
%URL = {https://epubs.siam.org/%doi/abs/10.1137/1.9781611974508},
%eprint = {https://epubs.siam.org/%doi/pdf/10.1137/1.9781611974508}
}

@article{DMD_1,
title={Dynamic mode decomposition of numerical and experimental data}, 
volume={656}, 
%doi={10.1017/S0022112010001217}, 
journal={Journal of Fluid Mechanics}, 
publisher={Cambridge University Press}, 
author={SCHMID, PETER J.},
year={2010}, 
pages={5–28}
}

@articleInfo{DMD_2,
title = {On dynamic mode decomposition:  Theory and applications},
journal = {Journal of Computational Dynamics},
volume = {1},
number = {2158-2491_2014_2_391},
pages = {391},
year = {2014},
author = {Jonathan H. Tu,Clarence W. Rowley,Dirk M. Luchtenburg,Steven L. Brunton,J. Nathan Kutz},
}

@article{EDMD_1,
   title={A Data–Driven Approximation of the Koopman Operator: Extending Dynamic Mode Decomposition},
   volume={25},
   %issn={1432-1467},
   %URL={http://dx.%doi.org/10.1007/s00332-015-9258-5},
   %doi={10.1007/s00332-015-9258-5},
   number={6},
   journal={Journal of Nonlinear Science},
   publisher={Springer Science and Business Media LLC},
   author={Williams, Matthew O. and Kevrekidis, Ioannis G. and Rowley, Clarence W.},
   year={2015},
   month={6},
   pages={1307–1346}
}

@article{Brunton_K_invariant_sub,
   title={Koopman Invariant Subspaces and Finite Linear Representations of Nonlinear Dynamical Systems for Control},
   volume={11},
   %issn={1932-6203},
   %URL={http://dx.%doi.org/10.1371/journal.pone.0150171},
   %doi={10.1371/journal.pone.0150171},
   number={2},
   journal={PLOS ONE},
   publisher={Public Library of Science (PLoS)},
   author={Brunton, Steven L. and Brunton, Bingni W. and Proctor, Joshua L. and Kutz, J. Nathan},
%   editor={Kestler, Hans AEditor},
   year={2016},
%   month={2},
%   pages={e0150171}
}

@article{Korda_edmd_conv,
   title={On Convergence of Extended Dynamic Mode Decomposition to the Koopman Operator},
   volume={28},
%   ISSN={1432-1467},
%   url={http://dx.doi.org/10.1007/s00332-017-9423-0},
%   DOI={10.1007/s00332-017-9423-0},
   number={2},
   journal={Journal of Nonlinear Science},
   publisher={Springer Science and Business Media LLC},
   author={Korda, Milan and Mezić, Igor},
   year={2017},
%   month={Nov},
   pages={687–710}
}

@misc{DMDC,
      title={Dynamic mode decomposition with control}, 
      author={Joshua L. Proctor and Steven L. Brunton and J. Nathan Kutz},
      year={2014},
    %   eprint={1409.6358},
    %   archivePrefix={arXiv},
    %   primaryClass={math.OC}
}

@article{SINDyc,
title = "Sparse Identification of Nonlinear Dynamics with Control",
journal = "IFAC-PapersOnLine",
volume = "49",
number = "18",
pages = "710 - 715",
year = "2016",
note = "10th IFAC Symposium on Nonlinear Control Systems NOLCOS 2016",
% issn = "2405-8963",
% doi = "https://doi.org/10.1016/j.ifacol.2016.10.249",
% url = "http://www.sciencedirect.com/science/article/pii/S2405896316318298",
author = "Steven L. Brunton and Joshua L. Proctor and J. Nathan Kutz",
% keywords = "Dynamical systems, control, system identification, sparse regression",
}

@inproceedings{Cisneros.2020,
Author = {Cisneros, Pablo S. G. and Datar, Adwait and Göttsch, Patrick and Werner, Herbert},
Title = {Data-driven quasi-LPV Model Predictive Control using Koopman Operator Techniques},
Year = {2020},
Booktitle = {21st IFAC World Congress}
}

@INPROCEEDINGS{Cisneros2016,
  author={P. S. G. {Cisneros} and S. {Voss} and H. {Werner}},
  booktitle={2016 IEEE 55th Conference on Decision and Control (CDC)}, 
  title={Efficient Nonlinear Model Predictive Control via quasi-LPV representation}, 
  year={2016},
  volume={},
  number={},
  pages={3216-3221},
%   doi={10.1109/CDC.2016.7798752}
}
  
  @INPROCEEDINGS{Spong,
  author={M. W. {Spong} and D. J. {Block}},
  booktitle={Proceedings of 1995 34th IEEE Conference on Decision and Control}, 
  title={The Pendubot: a mechatronic system for control research and education}, 
  year={1995},
  volume={1},
  number={},
  pages={555-556 vol.1}
%   doi={10.1109/CDC.1995.478951}
  }
  
@article{XIN,
title = "THE SWING UP CONTROL FOR THE PENDUBOT BASED ON ENERGY CONTROL APPROACH",
journal = "IFAC Proceedings Volumes",
volume = "35",
number = "1",
pages = "461 - 466",
year = "2002",
note = "15th IFAC World Congress",
% issn = "1474-6670",
% doi = "https://doi.org/10.3182/20020721-6-ES-1901.00889",
% url = "http://www.sciencedirect.com/science/article/pii/S1474667015393101",
author = "Xin Xin and Masahiro Kaneda and Toshitaka Oki",
}

@article{rowley_mezic,
title={Spectral analysis of nonlinear flows},
volume={641}, 
% DOI={10.1017/S0022112009992059},
journal={Journal of Fluid Mechanics},
publisher={Cambridge University Press},
author={Rowley, Clarence W. and Mezic, Igor and Bagheri, Shervin and Schlatter, Philipp and Henningson, Dan S.},
year={2009},
pages={115–127}}

@book{Skogestad,
    author = {Skogestad, Sigurd and Postlethwaite, Ian},
    title = {Multivariable Feedback Control: Analysis and Design},
    year = {2005},
    % isbn = {0470011688},
    publisher = {John Wiley \& Sons, Inc.},
    address = {Hoboken, NJ, USA}}

@book{Ogata,
    author = {Ogata, Katsuhiko},
    title = {Modern Control Engineering},
    year = {2001},
    isbn = {0130609072},
    publisher = {Prentice Hall PTR},
    address = {USA}
}

@article{Applied_Koopmanism,
   title={Applied Koopmanism},
%   volume={22},
%   ISSN={1089-7682},
%   url={http://dx.doi.org/10.1063/1.4772195},
%   DOI={10.1063/1.4772195},
%   number={4},
   journal={Chaos: An Interdisciplinary Journal of Nonlinear Science},
%   publisher={AIP Publishing},
   author={Budišić, Marko and Mohr, Ryan and Mezić, Igor},
   year={2012},
%   month={Dec},
   pages={047510}
}

@article{RBF,
author = {Mongillo, Michael},
year = {2011},
month = {01},
pages = {},
title = {Choosing Basis Functions and Shape Parameters for Radial Basis Function Methods},
volume = {4},
journal = {SIAM Undergraduate Research Online},
% doi = {10.1137/11S010840}
}

@book{MPCbook,
author = {Rossiter, John},
year = {2003},
month = {01},
pages = {},
title = {Model-Based Predictive Control: A Practical Approach},
% isbn = {9781315272610},
journal = {Model-Based Predictive Control: A Practical Approach},
% doi = {10.1201/9781315272610}
}